

@manual{CSIHandlingGuide,
	author = {NIST},
	title  ={Computer Security Incident Handling Guide},
	year = {2012},
	howpublished = "\url{http://csrc.nist.gov/publications/nistpubs/800-61rev2/SP800-61rev2.pdfl}"
}



@manual{OpenVPN,
	author = {OpenVPN},
	title  ={OpenVPN detailed HOWTO},
	year = {2012},
	howpublished = "\url{http://openvpn.net/index.php/open-source/documentation/howto.htmll}"
}